@article{morales2004aprendizaje,
  title={Aprendizaje basado en problemas},
  author={Morales Bueno, Patricia and Landa Fitzgerald, Victoria},
  year={2004}
}