@article{morales2004aprendizaje,
  title={Aprendizaje basado en problemas},
  author={Morales Bueno, Patricia and Landa Fitzgerald, Victoria},
  year={2004}
}
@article{poot2013retos,
  title={Retos del aprendizaje basado en problemas},
  author={Poot-Delgado, Carlos Antonio},
  journal={Ense{\~n}anza e investigaci{\'o}n en psicolog{\'\i}a},
  volume={18},
  number={2},
  pages={307--314},
  year={2013},
  publisher={Consejo Nacional para la Ense{\~n}anza en Investigaci{\'o}n en Psicolog{\'\i}a AC}
}